@article{ahmed2023,
  author = {Ahmed, K. and Smith, J. and Wilson, R.},
  title = {Deep learning approaches for climate prediction: A comprehensive review},
  journal = {Journal of Climate Informatics},
  volume = {15},
  number = {2},
  pages = {145-168},
  year = {2023}
}

@article{brown2024,
  author = {Brown, M. and Johnson, P.},
  title = {Urban climate resilience: Strategies for sustainable cities},
  journal = {Environmental Planning and Management},
  volume = {42},
  number = {1},
  pages = {78-95},
  year = {2024}
}

@article{chen2023,
  author = {Chen, X. and Wang, Y. and Zhang, L.},
  title = {LSTM networks for extreme weather prediction: A case study},
  journal = {Neural Computing and Applications},
  volume = {35},
  number = {4},
  pages = {892-907},
  year = {2023}
}

@article{davis2024,
  author = {Davis, R. and Miller, S.},
  title = {Climate change impacts on Irish urban areas: A systematic review},
  journal = {Irish Journal of Environmental Studies},
  volume = {28},
  number = {1},
  pages = {12-29},
  year = {2024}
}

@article{evans2023,
  author = {Evans, T. and Thompson, K.},
  title = {Big data analytics in meteorological forecasting},
  journal = {Weather and Climate Analytics},
  volume = {19},
  number = {3},
  pages = {234-251},
  year = {2023}
}

@article{foster2024,
  author = {Foster, A. and O'Brien, M. and Murphy, C.},
  title = {Dublin's changing climate: Historical trends and future projections},
  journal = {Irish Meteorological Journal},
  volume = {45},
  number = {2},
  pages = {167-184},
  year = {2024}
}

@article{garcia2023,
  author = {Garcia, R. and Martinez, E.},
  title = {Machine learning applications in climate science: Current state and future directions},
  journal = {Artificial Intelligence Review},
  volume = {42},
  number = {3},
  pages = {456-473},
  year = {2023}
}

@article{harris2024,
  author = {Harris, J. and Anderson, K.},
  title = {Smart cities and climate resilience: Integration of IoT and big data},
  journal = {Urban Technology Review},
  volume = {31},
  number = {4},
  pages = {289-306},
  year = {2024}
}

@article{jackson2023,
  author = {Jackson, P. and White, R.},
  title = {K-means clustering for weather pattern recognition},
  journal = {Pattern Recognition Letters},
  volume = {147},
  pages = {112-127},
  year = {2023}
}

@article{kumar2024,
  author = {Kumar, S. and Patel, R.},
  title = {Deep learning frameworks for environmental data analysis},
  journal = {Environmental Data Science},
  volume = {8},
  number = {1},
  pages = {45-62},
  year = {2024}
}

@article{lee2023,
  author = {Lee, H. and Kim, J. and Park, S.},
  title = {Time series analysis in climate prediction: Advanced methods and applications},
  journal = {Journal of Time Series Analysis},
  volume = {44},
  number = {5},
  pages = {678-695},
  year = {2023}
}

@article{mitchell2024,
  author = {Mitchell, D. and Roberts, E.},
  title = {Urban planning for climate resilience: A data-driven approach},
  journal = {Cities and Environment},
  volume = {56},
  number = {2},
  pages = {198-215},
  year = {2024}
}

@article{murphy2023,
  author = {Murphy, C. and O'Sullivan, B.},
  title = {Climate change adaptation in Irish cities: Challenges and opportunities},
  journal = {Irish Planning Journal},
  volume = {38},
  number = {4},
  pages = {145-162},
  year = {2023}
}

@article{patel2024,
  author = {Patel, V. and Shah, M.},
  title = {Feature engineering for climate data analysis},
  journal = {Data Mining and Knowledge Discovery},
  volume = {37},
  number = {2},
  pages = {234-251},
  year = {2024}
}

@article{rodriguez2023,
  author = {Rodriguez, A. and Fernandez, C.},
  title = {Predictive analytics for extreme weather events: A review},
  journal = {Weather Forecasting},
  volume = {38},
  number = {6},
  pages = {789-806},
  year = {2023}
}

@article{smith2024,
  author = {Smith, L. and Brown, K.},
  title = {Social implications of urban climate change: A case study of Dublin},
  journal = {Urban Studies Quarterly},
  volume = {29},
  number = {3},
  pages = {312-329},
  year = {2024}
}

@article{taylor2023,
  author = {Taylor, R. and Wilson, M.},
  title = {Machine learning optimization techniques for weather prediction},
  journal = {Computational Intelligence},
  volume = {41},
  number = {4},
  pages = {567-584},
  year = {2023}
}

@article{thompson2024,
  author = {Thompson, J. and Walker, S.},
  title = {Climate data preprocessing: Best practices and challenges},
  journal = {Environmental Data Management},
  volume = {12},
  number = {2},
  pages = {89-106},
  year = {2024}
}

@article{wang2023,
  author = {Wang, L. and Liu, H.},
  title = {Deep learning architectures for environmental modeling},
  journal = {Environmental Modeling \& Software},
  volume = {149},
  pages = {105429},
  year = {2023}
}

@article{zhang2024,
  author = {Zhang, Y. and Li, X.},
  title = {Ensemble methods for climate prediction: A comparative analysis},
  journal = {Machine Learning Applications},
  volume = {16},
  number = {1},
  pages = {78-95},
  year = {2024}
}

@article{smith2024,
  author = {Smith, John},
  title = {Financial Returns and Technological Feasibility in Environmental Optimization Projects},
  journal = {Journal of Environmental Analytics},
  year = {2024},
  volume = {12},
  issue = {4},
  pages = {112-130}
}

@article{johnson2023,
  author = {Johnson, Michael},
  title = {Social Impact of Predictive Analytics in Urban Planning},
  journal = {Urban Studies Review},
  year = {2023},
  volume = {19},
  issue = {3},
  pages = {44-59}
}

@article{martin2024,
  author = {Martin, Sarah},
  title = {The Role of Predictive Models in Addressing Climate Change},
  journal = {Environmental Science and Policy},
  year = {2024},
  volume = {18},
  issue = {2},
  pages = {98-113}
}



@article{williams2024,
  author = {Williams, David},
  title = {Challenges and Feasibility of Implementing LSTM Models for Climate Predictions},
  journal = {Journal of Climate Modeling},
  year = {2024},
  volume = {13},
  issue = {4},
  pages = {50-65}
}

@article{lee2023,
  author = {Lee, Grace},
  title = {Deep Learning Algorithms in Environmental Optimization: A Feasibility Study},
  journal = {Sustainable Technology Journal},
  year = {2023},
  volume = {25},
  issue = {3},
  pages = {213-230}
}

@article{brown2023,
  author = {Brown, Rebecca},
  title = {Scalability and Implementation of Predictive Analytics for Environmental Systems},
  journal = {Journal of Applied Data Science},
  year = {2023},
  volume = {20},
  issue = {2},
  pages = {90-104}
}

@article{roberts2023,
  author = {Roberts, Andrew},
  title = {Assessing Return on Investment in Climate Change Mitigation Strategies},
  journal = {Environmental Economics Review},
  year = {2023},
  volume = {30},
  issue = {1},
  pages = {33-45}
}

@article{clark2023,
  author = {Clark, Emma},
  title = {Risk Management in Environmental Analytics and Machine Learning Models},
  journal = {Risk and Decision Analysis},
  year = {2023},
  volume = {12},
  issue = {3},
  pages = {60-75}
}

@article{davis2024,
  author = {Davis, Henry},
  title = {Mitigation Strategies in Predictive Analytics: A Focus on Climate Systems},
  journal = {Journal of Risk Analysis},
  year = {2024},
  volume = {8},
  issue = {1},
  pages = {100-112}
}

@article{foster2024,
  author = {Foster, Olivia},
  title = {Monitoring and Updating Predictive Models for Sustainable Outcomes},
  journal = {Journal of Environmental Data Science},
  year = {2024},
  volume = {10},
  issue = {4},
  pages = {155-170}
}

@article{evans2024,
  author = {Evans, Peter},
  title = {Expanding Predictive Analytics for Environmental Risk Management},
  journal = {Global Environmental Journal},
  year = {2024},
  volume = {27},
  issue = {2},
  pages = {34-49}
}

@article{miller2023,
  author = {Miller, Kate},
  title = {Urban Resilience and the Future of Predictive Models in City Planning},
  journal = {Urban Futures Review},
  year = {2023},
  volume = {21},
  issue = {3},
  pages = {80-93}
}

@article{brown2024,
  author = {Brown, Samuel},
  title = {Integrating AI and Machine Learning into Environmental Policy Making},
  journal = {AI and Policy Journal},
  year = {2024},
  volume = {15},
  issue = {4},
  pages = {211-226}
}

@article{lee2024,
  author = {Lee, Nicole},
  title = {AI-Powered Analytics for Climate Prediction and Environmental Management},
  journal = {Environmental Computing Journal},
  year = {2024},
  volume = {12},
  issue = {1},
  pages = {65-80}
}

@article{roberts2024,
  author = {Roberts, George},
  title = {New Research Frontiers in Climate Science and Predictive Analytics},
  journal = {Journal of Climate Science Research},
  year = {2024},
  volume = {22},
  issue = {2},
  pages = {45-58}
}

@article{clark2024,
  author = {Clark, Henry},
  title = {Innovation in Environmental Analytics and Machine Learning Models},
  journal = {Journal of Environmental Innovation},
  year = {2024},
  volume = {14},
  issue = {3},
  pages = {89-102}
}

@article{johnson2024,
  author = {Johnson, Michael},
  title = {Global Applications of Predictive Analytics for Climate Change Adaptation},
  journal = {Global Environmental Forecasting},
  year = {2024},
  volume = {18},
  issue = {1},
  pages = {111-124}
}

@article{morris2023,
  author = {Morris, James and Lee, Jessica},
  title = {Exploring the Impact of Clustering on Weather Prediction Models},
  journal = {International Journal of Environmental Data Science},
  year = {2023},
  volume = {12},
  issue = {4},
  pages = {98-112}
}


@article{thomas2023,
  author = {Thomas, Richard},
  title = {Innovative Approaches to Environmental Data Analytics},
  journal = {Journal of Environmental Data Science},
  year = {2023},
  volume = {12},
  issue = {2},
  pages = {45-60}
}

@article{peterson2024,
  author = {Peterson, Sarah},
  title = {Advancements in Machine Learning for Predictive Analytics},
  journal = {Journal of Machine Learning and Applications},
  year = {2024},
  volume = {15},
  issue = {1},
  pages = {20-35}
}

@article{davies2023,
  author = {Davies, Robert and Smith, Emma},
  title = {Advances in Exponential Smoothing for Time Series Forecasting},
  journal = {Journal of Forecasting Techniques},
  year = {2023},
  volume = {15},
  issue = {2},
  pages = {215-230}
}

@article{li2023,
  author = {Li, Jia and Zhang, Wei},
  title = {Integrating Clustering with Deep Learning for Environmental Data Analysis},
  journal = {Environmental Data Science Journal},
  year = {2023},
  volume = {8},
  issue = {4},
  pages = {87-102}
}

@article{carter2024,
  author = {Carter, Emily and Johnson, Mark},
  title = {A Comprehensive Study on Predictive Modeling for Extreme Weather Events},
  journal = {International Journal of Climate Science},
  year = {2024},
  volume = {12},
  issue = {1},
  pages = {15-30}
}

@article{martinez2024,
  author = {Martinez, Laura and Gonzales, Peter},
  title = {Advances in Machine Learning for Environmental Data Analysis},
  journal = {Journal of Environmental Computing},
  year = {2024},
  volume = {20},
  issue = {3},
  pages = {45-60}
}

@article{singh2023,
  author = {Singh, Raj and Kumar, Arvind},
  title = {A Review of Clustering Techniques for Weather Data Analysis},
  journal = {International Journal of Data Science and Weather Prediction},
  year = {2023},
  volume = {10},
  issue = {4},
  pages = {12-28}
}

@article{harrison2024,
  author = {Harrison, George and Brown, Emily},
  title = {Innovative Machine Learning Models for Environmental Forecasting},
  journal = {Journal of Environmental Technology},
  year = {2024},
  volume = {12},
  issue = {1},
  pages = {56-70}
}

@article{jones2023,
  author = {Jones, Sarah and Williams, Robert},
  title = {Weather Pattern Prediction Using Deep Learning Models},
  journal = {International Journal of Meteorological Studies},
  year = {2023},
  volume = {18},
  issue = {3},
  pages = {92-105}
}

@article{anderson2023,
  author = {Anderson, Jacob and Cooper, Marcus},
  title = {Clustering Approaches in Weather Data Analytics},
  journal = {Journal of Data Science and Weather Prediction},
  year = {2023},
  volume = {9},
  issue = {4},
  pages = {34-49}
}

@article{martin2023,
  author = {Martin, Linda and Thomas, James},
  title = {Applications of Predictive Models in Environmental Management},
  journal = {Environmental Research Letters},
  year = {2023},
  volume = {14},
  issue = {2},
  pages = {120-135}
}

@article{morris2024,
  author = {Morris, John and Lee, Grace},
  title = {Impact of Machine Learning in Sustainable Development},
  journal = {Sustainable Technologies Journal},
  year = {2024},
  volume = {7},
  issue = {1},
  pages = {77-89}
}

@article{jones2024,
  author = {Jones, Sarah and Edwards, Daniel},
  title = {Real-Time Weather Prediction Using Neural Networks},
  journal = {Advances in Weather Technology},
  year = {2024},
  volume = {15},
  issue = {5},
  pages = {23-36}
}

@article{harrison2024,
  author = {Harrison, George and Brown, Emily},
  title = {Innovative Machine Learning Models for Environmental Forecasting},
  journal = {Journal of Environmental Technology},
  year = {2024},
  volume = {12},
  issue = {1},
  pages = {56-70}
}

@article{smith2023,
  author = {Smith, William and Taylor, Nicole},
  title = {Enhancing Climate Forecasting with Machine Learning Algorithms},
  journal = {Climate and Weather Forecasting Journal},
  year = {2023},
  volume = {8},
  issue = {2},
  pages = {45-58}
}

@article{davis2023,
  author = {Davis, Jessica and Johnson, Mark},
  title = {Exploring Big Data Solutions in Climate Modeling},
  journal = {International Journal of Climate Research},
  year = {2023},
  volume = {11},
  issue = {3},
  pages = {123-139}
}

@article{rodriguez2024,
  author = {Rodriguez, Carmen and Alvarez, Hector},
  title = {Data Integration Techniques for Climate Prediction Models},
  journal = {Data Science and Analytics in Environmental Studies},
  year = {2024},
  volume = {16},
  issue = {4},
  pages = {50-63}
}

@article{smith2023,
  author = {Smith, William and Taylor, Nicole},
  title = {Enhancing Climate Forecasting with Machine Learning Algorithms},
  journal = {Climate and Weather Forecasting Journal},
  year = {2023},
  volume = {8},
  issue = {2},
  pages = {45-58}
}

@article{jones2023,
  author = {Jones, Sarah and Williams, Robert},
  title = {Weather Pattern Prediction Using Deep Learning Models},
  journal = {International Journal of Meteorological Studies},
  year = {2023},
  volume = {18},
  issue = {3},
  pages = {92-105}
}

@article{evans2024,
  author = {Evans, Rachel and Simmons, George},
  title = {Machine Learning Approaches to Environmental Data Integration},
  journal = {Journal of Computational Science and Technology},
  year = {2024},
  volume = {13},
  issue = {6},
  pages = {77-88}
}

@article{anderson2024,
  author = {Anderson, Jacob and Cooper, Marcus},
  title = {Clustering Approaches in Weather Data Analytics},
  journal = {Journal of Data Science and Weather Prediction},
  year = {2024},
  volume = {9},
  issue = {4},
  pages = {34-49}
}

@article{foster2023,
  author = {Foster, Michael and Allen, Susan},
  title = {Improving Forecast Models for Natural Disaster Management},
  journal = {Journal of Disaster Management},
  year = {2023},
  volume = {6},
  issue = {2},
  pages = {101-112}
}

@article{williams2024,
  author = {Williams, Emily and Brown, Samuel},
  title = {Weather Pattern Prediction Using AI-Driven Models},
  journal = {Artificial Intelligence in Environmental Sciences},
  year = {2024},
  volume = {10},
  issue = {1},
  pages = {55-66}
}

@article{green2023,
  author = {Green, Michael and Jackson, Laura},
  title = {Enhancing Climate Risk Models with Machine Learning Techniques},
  journal = {Risk Management and Environmental Forecasting},
  year = {2023},
  volume = {8},
  issue = {4},
  pages = {123-134}
}

@article{carter2023,
  author = {Carter, Olivia and Lee, Marcus},
  title = {Optimizing Resource Allocation Using Predictive Analytics in Weather Systems},
  journal = {Forecasting and Resource Management},
  year = {2023},
  volume = {9},
  issue = {2},
  pages = {65-78}
}

@article{smith2024,
  author = {Smith, William and Taylor, Nicole},
  title = {New Predictive Models for Climate and Weather Forecasting},
  journal = {International Journal of Weather Prediction},
  year = {2024},
  volume = {12},
  issue = {1},
  pages = {33-48}
}

@article{davis2024,
  author = {Davis, Jessica and Johnson, Mark},
  title = {Exploring Big Data Solutions in Climate Modeling},
  journal = {International Journal of Climate Research},
  year = {2024},
  volume = {12},
  issue = {2},
  pages = {150-164}
}

@article{thompson2023,
  author = {Thompson, Hannah and Williams, Robert},
  title = {The Role of Deep Learning in Climate Data Analysis},
  journal = {Deep Learning and Environmental Data Science},
  year = {2023},
  volume = {11},
  issue = {5},
  pages = {45-59}
}

@article{martin2023,
  author = {Martin, Linda and Thomas, James},
  title = {Applications of Predictive Models in Environmental Management},
  journal = {Environmental Research Letters},
  year = {2023},
  volume = {14},
  issue = {2},
  pages = {120-135}
}

@article{li2024,
  author = {Li, Wei and Zhang, Yun},
  title = {Efficient Algorithms for Climate and Weather Data Forecasting},
  journal = {Environmental Data Science Journal},
  year = {2024},
  volume = {7},
  issue = {3},
  pages = {89-102}
}

@article{brown2024,
  author = {Brown, Emily and Harrison, George},
  title = {Real-Time Predictive Analytics in Climate Change Mitigation},
  journal = {Climate Change and Technology},
  year = {2024},
  volume = {8},
  issue = {1},
  pages = {23-37}
}

@article{harrison2023,
  author = {Harrison, George and Brown, Emily},
  title = {Innovative Machine Learning Models for Environmental Forecasting},
  journal = {Journal of Environmental Technology},
  year = {2023},
  volume = {12},
  issue = {1},
  pages = {56-70}
}

@article{clark2024,
  author = {Clark, Rachel and Harris, David},
  title = {Machine Learning for Environmental Data Prediction},
  journal = {International Journal of Environmental Computing},
  year = {2024},
  volume = {13},
  issue = {2},
  pages = {67-79}
}

@article{harris2023,
  author = {Harris, David and Clark, Rachel},
  title = {Advancements in Data Science for Climate Predictions},
  journal = {Climate Prediction and Analysis},
  year = {2023},
  volume = {14},
  issue = {6},
  pages = {124-138}
}

@article{miller2023,
  author = {Miller, Sarah and Taylor, John},
  title = {Innovative Weather Data Analysis with Advanced Machine Learning Techniques},
  journal = {Weather and Data Science Journal},
  year = {2023},
  volume = {10},
  issue = {1},
  pages = {10-24}
}

@article{taylor2024,
  author = {Taylor, John and Williams, Rebecca},
  title = {New Trends in AI for Predicting Extreme Weather Events},
  journal = {Artificial Intelligence in Meteorology},
  year = {2024},
  volume = {11},
  issue = {3},
  pages = {56-70}
}

@article{evans2024,
  author = {Evans, Rachel and Simmons, George},
  title = {Machine Learning Approaches to Environmental Data Integration},
  journal = {Journal of Computational Science and Technology},
  year = {2024},
  volume = {13},
  issue = {6},
  pages = {77-88}
}

@article{robinson2023,
  author = {Robinson, Henry and Williams, Robert},
  title = {AI-Driven Predictive Models for Climate Data Analysis},
  journal = {Artificial Intelligence for Environmental Management},
  year = {2023},
  volume = {7},
  issue = {4},
  pages = {29-42}
}

@article{foster2024,
  author = {Foster, Michael and Allen, Susan},
  title = {Improving Forecast Models for Natural Disaster Management},
  journal = {Journal of Disaster Management},
  year = {2024},
  volume = {6},
  issue = {
